@article{garrigues2016algebre,
  title={Alg{\`e}bre et analyse tensorielles pour l'{\'e}tude des milieux continus},
  author={Garrigues, Jean},
  year={2016}
}

@phdthesis{garrigues2016cinematique,
  title={Cin{\'e}matique des milieux continus},
  author={Garrigues, Jean},
  year={2016},
  school={LMA}
}

@phdthesis{garrigues2017comportement,
  title={Comportement {\'e}lastique},
  author={Garrigues, Jean},
  year={2017},
  school={LMA CNRS UPR 7051}
}

@phdthesis{garrigues2018comportements,
  title={Comportements in{\'e}lastiques},
  author={Garrigues, Jean},
  year={2018},
  school={Centrale Marseille (ECM) et LMA}
}

%Standard media
@book{maugin1992thermomechanics,
  title={The thermomechanics of plasticity and fracture},
  author={Maugin, Gerard A},
  volume={7},
  year={1992},
  publisher={Cambridge University Press}
}

@article{halphen1975materiaux,
  title={Sur les mat{\'e}riaux standard g{\'e}n{\'e}ralis{\'e}s},
  author={Halphen, Bernard and Nguyen, Quoc Son},
  journal={Journal de m{\'e}canique},
  volume={14},
  number={1},
  pages={39--63},
  year={1975}
}

@book{simo2006computational,
  title={Computational inelasticity},
  author={Simo, Juan C and Hughes, Thomas JR},
  volume={7},
  year={2006},
  publisher={Springer Science \& Business Media}
}

@book{salenccon2005mecanique,
  title={M{\'e}canique des milieux continus: Concepts g{\'e}n{\'e}raux},
  author={Salen{\c{c}}on, Jean},
  volume={1},
  year={2005},
  publisher={Editions Ecole Polytechnique}
}

@book{forest2015mecanique,
  title={M{\'e}canique des milieux continus},
  author={Forest, Samuel and Amestoy, Michel and Damamme, Gilles and Kruch, Serge and Maurel, Vincent and Maziere, Matthieu},
  year={2015},
  publisher={{\'E}cole des Mines de Paris}
}


@article{durufle2009influence,
  title={Influence of Gauss and Gauss-Lobatto quadrature rules on the accuracy of a quadrilateral finite element method in the time domain},
  author={Durufl{\'e}, Marc and Grob, Pascal and Joly, Patrick},
  journal={Numerical Methods for Partial Differential Equations: An International Journal},
  volume={25},
  number={3},
  pages={526--551},
  year={2009},
  publisher={Wiley Online Library}
}

@article{teukolsky2015short,
  title={Short note on the mass matrix for Gauss--Lobatto grid points},
  author={Teukolsky, Saul A},
  journal={Journal of Computational Physics},
  volume={283},
  pages={408--413},
  year={2015},
  publisher={Elsevier}
}

@article{vaziri1992elasto,
  title={Elasto-plastic analysis of hollow spheres under uniform pressures},
  author={Vaziri, H},
  journal={Computers \& structures},
  volume={43},
  number={1},
  pages={125--128},
  year={1992},
  publisher={Elsevier}
}

@article{ilyushin1948plasticity,
  title={Plasticity. Part 1. Elastoplastic Deformations},
  author={Ilyushin, AA},
  journal={Gortekhteorizdat, Moscow--Leningrad},
  year={1948}
}

@article{bonnet2007analyse,
  title={Analyse des solides d{\'e}formables par la m{\'e}thode des {\'e}l{\'e}ments finis},
  author={Bonnet, Marc and Frangi, Attilio},
  journal={European Journal of Computational Mechanics/Revue Europ{\'e}enne de M{\'e}canique Num{\'e}rique},
  volume={16},
  number={5},
  pages={667--668},
  year={2007},
  publisher={Taylor \& Francis}
}

@article{ndanou2014criterion,
  title={Criterion of hyperbolicity in hyperelasticity in the case of the stored energy in separable form},
  author={Ndanou, S and Favrie, N and Gavrilyuk, S},
  journal={Journal of Elasticity},
  volume={115},
  number={1},
  pages={1--25},
  year={2014},
  publisher={Springer}
}

@book{maitournam2017materiaux,
  title={Mat{\'e}riaux et structures an{\'e}lastiques},
  author={Maitournam, Habibou},
  year={2017}
}

@article{hesch2017framework,
  title={A framework for polyconvex large strain phase-field methods to fracture},
  author={Hesch, C and Gil, AJ and Ortigosa, R and Dittmann, M and Bilgen, C and Betsch, P and Franke, M and Janz, A and Weinberg, K},
  journal={Computer Methods in Applied Mechanics and Engineering},
  volume={317},
  pages={649--683},
  year={2017},
  publisher={Elsevier}
}

@article{sod1978survey,
  title={A survey of several finite difference methods for systems of nonlinear hyperbolic conservation laws},
  author={Sod, Gary A},
  journal={Journal of computational physics},
  volume={27},
  number={1},
  pages={1--31},
  year={1978},
  publisher={Elsevier}
}

@article{doll2000development,
  title={On the development of volumetric strain energy functions},
  author={Doll, Stefan and Schweizerhof, Karl},
  journal={J. Appl. Mech.},
  volume={67},
  number={1},
  pages={17--21},
  year={2000}
}

@techreport{menikoff2015jwl,
  title={JWL equation of state},
  author={Menikoff, Ralph},
  year={2015},
  institution={Los Alamos National Lab.(LANL), Los Alamos, NM (United States)}
}

@article{bouteiller2023complete,
  title={Complete finite-strain isotropic thermo-elasticity},
  author={Bouteiller, Paul},
  journal={European Journal of Mechanics-A/Solids},
  volume={100},
  pages={105017},
  year={2023},
  publisher={Elsevier}
}

@article{vinet1987temperature,
  title={Temperature effects on the universal equation of state of solids},
  author={Vinet, Pascal and Smith, John R and Ferrante, John and Rose, James H},
  journal={Physical Review B},
  volume={35},
  number={4},
  pages={1945},
  year={1987},
  publisher={APS}
}

@article{lozano2022robust,
  title={A robust three-parameter reference curve for condensed phase materials},
  author={Lozano, Eduardo and Aslam, Tariq D},
  journal={Journal of Applied Physics},
  volume={131},
  number={1},
  year={2022},
  publisher={AIP Publishing}
}

@article{lozano2023analytic,
  title={An analytic and complete equation of state for condensed phase materials},
  author={Lozano, Eduardo and Cawkwell, Marc J and Aslam, Tariq D},
  journal={Journal of Applied Physics},
  volume={134},
  number={12},
  year={2023},
  publisher={AIP Publishing}
}

@article{myint2020coupling,
  title={Coupling solidification kinetics with phase-behavior computations in hydrodynamic simulations of high-pressure, dynamic-compression processes},
  author={Myint, Philip C and Sadigh, Babak and Benedict, Lorin X and Sterbentz, Dane M and Hall, Burl M and Belof, Jonathan L},
  journal={AIP Advances},
  volume={10},
  number={12},
  year={2020},
  publisher={AIP Publishing}
}
